@BOOK{Cramer2015,
	AUTHOR="Ronald Cramer and Ivan Bjerre Damgard and Jesper Buus Nielsen",
	TITLE="Secure Multiparty Computation and Secret Sharion",
	PUBLISHER="Cambridge University Press",
	YEAR="2015",
}
@article{Shamir1979,
	author = {Adi Shamir},
	title = {How to Share a Secret},
	journaltitle = {Communications of the ACM},
	date = {1979-11-01},
	OPTeditor = {Robert L. Ashenhurst},
	OPTvolume = {22},
	OPTissue = {11},
	OPTmonth = {November},
	OPTpages = {612-613},
	OPTissn = {0001-0782},
	OPTdoi = {10.1145/359168.359176},
}
@Inbook{Aumann2007,
	author="Aumann, Yonatan
	and Lindell, Yehuda",
	editor="Vadhan, Salil P.",
	title="Security Against Covert Adversaries: Efficient Protocols for Realistic Adversaries",
	bookTitle="Theory of Cryptography: 4th Theory of Cryptography Conference, TCC 2007, Amsterdam, The Netherlands, February 21-24, 2007. Proceedings",
	year="2007",
	publisher="Springer Berlin Heidelberg",
	address="Berlin, Heidelberg",
	pages="137--156",
	isbn="978-3-540-70936-7",
	doi="10.1007/978-3-540-70936-7_8",
	url="http://dx.doi.org/10.1007/978-3-540-70936-7_8"
}
@article{Sheikh2009,
	author    = {Rashid Sheikh and
	Beerendra Kumar and
	Durgesh Kumar Mishra},
	title     = {Privacy Preserving k Secure Sum Protocol},
	journal   = {CoRR},
	volume    = {abs/0912.0956},
	year      = {2009},
	url       = {http://arxiv.org/abs/0912.0956},
	timestamp = {Wed, 10 Oct 2012 21:28:33 +0200},
	biburl    = {http://dblp.uni-trier.de/rec/bib/journals/corr/abs-0912-0956},
	bibsource = {dblp computer science bibliography, http://dblp.org}
}
@BOOK{Doe:1,
AUTHOR="John Doe",
TITLE="The Book without Title",
PUBLISHER="Dummy Publisher",
YEAR="2100",
}
@BOOK{Doe:2,
	AUTHOR="John Doe",
	TITLE="The other Book without Title",
	PUBLISHER="Dummy Publisher",
	YEAR="2100",
}
@online{Online:FhAachen,
	title = "FH Aachen Logo",
	date = "24 August 2016",
	url = "https://www.fh-aachen.de/fileadmin/template/pics/fh-logo-right.svg/",
	YEAR="2016",
}
