@BOOK{Cramer2015,
	AUTHOR="Ronald Cramer and Ivan Bjerre Damg\aa{}rd and Jesper Buus Nielsen",
	TITLE="Secure Multiparty Computation and Secret Sharion",
	PUBLISHER="Cambridge University Press",
	YEAR="2015",
}
@book{Ghosh2015,
	title={Distributed Systems: An Algorithmic Approach, Second Edition},
	author={Ghosh, Sukumar},
	series={Chapman \& Hall/CRC Computer and Information Science Series},
	year={2015},
	publisher={CRC Press}
}
@book{Herger2015,
	title={Gamification in Healthcare \& Fitness (Enterprise Gamification)},
	author={Herger, Mario},
	year={2015},
	publisher={EGC Media},
	address = {Los Altos, CA, USA},
}
@article{Klein2016,
	title={The Hygiene Games},
	author={Klein, Frederic and Severijns, Cassandra and Albiez, Daniela and Seljutin, Eugen and Jovanovi{\'c}, Marko and Eyvazi, Hesar M},
	series={Studies in Health Technology and Informatics},
	volume={225},
	pages={658},
	year={2016}
}
@article{Shamir1979,
	author = {Adi Shamir},
	title = {How to Share a Secret},
	journaltitle = {Communications of the ACM},
	date = {1979-11-01},
	OPTeditor = {Robert L. Ashenhurst},
	OPTvolume = {22},
	OPTissue = {11},
	OPTmonth = {November},
	OPTpages = {612-613},
}
@article{White1959,
	title={Motivation reconsidered: the concept of competence.},
	author={White, Robert W},
	journal={Psychological review},
	volume={66},
	number={5},
	pages={297},
	year={1959},
	publisher={American Psychological Association}
}
@article{Dorri2015,
	title={Security challenges in mobile ad hoc networks: A survey},
	author={Dorri, Ali and Kamel, Seyed Reza and Kheirkhah, Esmaeil},
	journal={arXiv preprint arXiv:1503.03233},
	year={2015}
}
@Article{Mohler2007,
	author="Mohler, Betty J.
	and Thompson, William B.
	and Creem-Regehr, Sarah H.
	and Pick, Herbert L.
	and Warren, William H.",
	title="Visual flow influences gait transition speed and preferred walking speed",
	journal="Experimental Brain Research",
	year="2007",
	volume="181",
	number="2",
	pages="221--228",
}
@article{Corcoran2011,
	title={Social comparison: Motives, standards, and mechanisms},
	author={Corcoran, Katja and Crusius, Jan and Mussweiler, Thomas},
	journal={Theories in social psychology},
	pages={119--139},
	year={2011}
}
@Inbook{Aumann2007,
	author="Aumann, Yonatan
	and Lindell, Yehuda",
	editor="Vadhan, Salil P.",
	title="Security Against Covert Adversaries: Efficient Protocols for Realistic Adversaries",
	bookTitle="Theory of Cryptography: 4th Theory of Cryptography Conference, TCC 2007, Amsterdam, The Netherlands, February 21-24, 2007. Proceedings",
	year="2007",
	publisher="Springer Berlin Heidelberg",
	pages="137--156",
}
@article{Sheikh2009,
	author    = {Rashid Sheikh and
	Beerendra Kumar and
	Durgesh Kumar Mishra},
	title     = {Privacy Preserving k Secure Sum Protocol},
	journal   = {CoRR},
	volume    = {abs/0912.0956},
	year      = {2009},
	url       = {http://arxiv.org/abs/0912.0956},
	bibsource = {dblp computer science bibliography, http://dblp.org}
}
@inproceedings{Yao1982,
	author = {Yao, Andrew C.},
	title = {Protocols for Secure Computations},
	booktitle = {Proceedings of the 23rd Annual Symposium on Foundations of Computer Science},
	series = {SFCS '82},
	year = {1982},
	pages = {160--164},
	publisher = {IEEE Computer Society},
	address = {Washington, DC, USA},
}
@article{Clifton2002,
	author = {Clifton, Chris and Kantarcioglu, Murat and Vaidya, Jaideep and Lin, Xiaodong and Zhu, Michael Y.},
	title = {Tools for Privacy Preserving Distributed Data Mining},
	journal = {SIGKDD Explor. Newsl.},
	issue_date = {December 2002},
	volume = {4},
	number = {2},
	month = dec,
	year = {2002},
	issn = {1931-0145},
	pages = {28--34},
	numpages = {7},
	publisher = {ACM},
	address = {New York, NY, USA},
}
@article{Funai2015,
	author    = {Colin Funai and
	Cristiano Tapparello and
	Wendi B. Heinzelman},
	title     = {Supporting Multi-hop Device-to-Device Networks Through WiFi Direct
	Multi-group Networking},
	journal   = {CoRR},
	volume    = {abs/1601.00028},
	year      = {2016},
	url       = {http://arxiv.org/abs/1601.00028},
}
@online{RFCOMM2012,
	author = {Christian Andersson and Ingemar Nilsson and Patrik Olsson and Gerrit Slot and Johan Sörensen and Donald Liechty and Robert Hunter and Srikanth Kambhatla and Stan Adermann and Michael Camp and Pere Godia-Canero and Riku Mettälä and Malcolm Box},
	title = {RFCOMM WITH TS 07.10},
	titleaddon = {Bluetooth Special Interest Group},
	date = {2012-11-06},
	OPTsubtitle = {Serial Port Emulation},
	OPTversion = {V12},
	OPTnote = {note},
	note = {[online] Available at:},
	url = {https://www.bluetooth.org/docman/handlers/DownloadDoc.ashx?doc_id=263754},
	urldate = {2016-11-25}
}
@book{Delfs2015,
	title={Introduction to Cryptography: Principles and Applications},
	author={Delfs, H. and Knebl, H.},
	isbn={9783662479742},
	series={Information Security and Cryptography},
	year={2015},
	publisher={Springer Berlin Heidelberg}
}
@misc{IEEE2010,
	address = {New York, NY, USA},
	booktitle = {IEEE Std 802.3ba-2010 (Amendment to IEEE Std 802.3-2008)},
	day = {22},
	editor = {Ganga, Ilango S. and Gustlin, Mark and Di Minico, Chris and Anslow, Pete and Barrass, Hugh and Dawe, Piers and King, Jonathan and Latchman, Ryan and Marris, Arthur and Trowbridge, Steve},
	journal = {IEEE Std 802.3ba-2010 (Amendment to IEEE Std 802.3-2008)},
	key = {IEEE Std 802.3ba-2010},
	month = jun,
	organization = {LAN/MAN Standards Committee},
	posted-at = {2011-08-24 04:00:07},
	priority = {1},
	publisher = {IEEE},
	title = {{IEEE} Standard for Information Technology --- Telecommunications and Information Exchange Between Systems --- Local and Metropolitan Area Networks-Specific Requirements Part 3: Carrier Sense Multiple Access with Collision Detection ({CSMA/CD}) Access Method and Physical Layer Specifications Amendment 4: Media Access Control Parameters, Physical Layers and Management Parameters for 40 {G}b/s and 100 {G}b/s Operation},
	url = {http://standards.ieee.org/about/get/802/802.3.html},
	year = {2010}
}
@online{Online:BluetoothMesh,
	author = {Steve Hegendorf},
	title = {Get ready for Bluetooth mesh!},
	titleaddon = {Bluetooth Special Interest Group.},
	note = {[online] Available at: },
	URL = "http://blog.bluetooth.com/__trashed/;
	 http://web.archive.org/web/20161125191028/http://blog.bluetooth.com/__trashed/",
	date = {2016-11-22},
	urldate = {2016-11-25},
}
@online{Online:MeshKit,
	author = {Opengarden.com},
	YEAR = {2016},
	title = {Mesh networking made easy - Open Garden},
	titleaddon = {Open Garden},
	note = {[online] Available at:},
	url = "https://www.opengarden.com/meshkit.html; http://web.archive.org/web/20161126105839/https://www.opengarden.com/meshkit.html",
	urldate = {2016-11-26}
}
@online{Online:FireChat,
	author = {Opengarden.com},
	YEAR = {2016},
	title = {Start Something - Open Garden},
	titleaddon = {Open Garden},
	note = {[online] Available at:},
	url = "https://www.opengarden.com/firechat.html; http://web.archive.org/web/20161126110144/https://www.opengarden.com/firechat.html",
	urldate = {2016-11-24}
}
@online{Online:SPANProject,
	author = {Josh Thomas},
	YEAR = {2014},
	title = {The SPAN Project},
	note = {[online] Available at:},
	url = {https://github.com/ProjectSPAN},
	urldate = {2016-11-25}
}
@online{Online:Sphlib,
	author = {Thomas Pornin},
	YEAR = {2012},
	title = {sphlib 3.0},
	note = {[online] Available at:},
	url = {http://www.saphir2.com/sphlib/},
	urldate = {2016-11-28}
}
@online{Online:WolfCrypt,
	author = {wolfssl.com},
	YEAR = {2016},
	title = {wolfSSL - Products | wolfCrypt Cryptography Engine},
	titleaddon = {wolfSSL Inc.},
	note = {[online] Available at:},
	url = {https://www.wolfssl.com/wolfSSL/Products-wolfcrypt.html},
	urldate = {2016-11-28}
}
@online{Online:MpcLib,
	author = {Mahdi Zamani},
	YEAR = {2016},
	title = {GitHub - mahdiz/mpclib: MpcLib - A Multi-Party Computation Library},
	note = {[online] Available at:},
	url = {https://github.com/mahdiz/mpclib},
	urldate = {2016-12-08}
}
@online{Online:Sharemind,
	author = {sharemind.cyber.ee},
	YEAR = {2011},
	title = {Sharemind - analyze confidential data without compromising privacy},
	titleaddon = {Cybernetica AS},
	note = {[online] Available at:},
	url = {https://sharemind.cyber.ee/},
	urldate = {2016-12-08}
}
@online{Online:Enigma,
	author = {Guy Zyskind and Oz Nathan and Alex Pentland},
	YEAR = {2016},
	title = {Enigma},
	note = {[online] Available at:},
	url = {http://www.enigma.co/},
	urldate = {2016-12-08}
}
@online{Online:SPDZ,
	author = {Marcel Keller and Dragos Rotaru and Peter Scholl and Nigel P. Smart},
	YEAR = {2016},
	title = {Bristol University | Department of Computer Science},
	note = {[online] Available at:},
	url = {https://www.cs.bris.ac.uk/Research/CryptographySecurity/SPDZ/},
	urldate = {2016-12-08}
}
@online{Online:Sepia,
	author = {Martin Burkhart and Mario Strasser and Dilip Many and Xenofontas Dimitropoulos},
	YEAR = {2012},
	title = {SEPIA library},
	note = {[online] Available at:},
	url = {http://www.sepia.ee.ethz.ch/index.html},
	urldate = {2016-12-08}
}
@online{Online:FURPS,
	author = {Peter Eeles},
	YEAR = {2005},
	title = {Capturing Architectural Requirements},
	titleaddon = {IBM},
	note = {[online] Available at:},
	url = "http://www.ibm.com/developerworks/rational/library/4706.html#N10073; http://web.archive.org/web/20161129163620/http://www.ibm.com/developerworks/rational/library/4706.html",
	urldate = {2016-11-28}
}
@online{Online:FhAachen,
	author={Fh-aachen.de},
	YEAR={2016},
	title = {FH Aachen Logo},
	titleaddon = {FH Aachen University of Applied Sciences},
	note = {[online] Available at:},
	url = {https://www.fh-aachen.de/fileadmin/template/pics/fh-logo-right.svg/},
	urldate = {2016-08-24},
}
@online{Online:Gartner2016,
	author={Amy Ann Forni and Rob van der Meulen},
	YEAR={2016},
	title = {Gartner Says Five of Top 10 Worldwide Mobile Phone Vendors Increased Sales in Second Quarter of 2016},
	titleaddon = {Gartner, Inc.},
	note = {[online] Available at:},
	url = {http://www.gartner.com/newsroom/id/3415117},
	urldate = {2016-12-06},
}
@online{Online:Gallagher2016,
	author={Sean Gallagher},
	date = {2016-10-21},
	title = {Double-dip Internet-of-Things botnet attack felt across the Internet},
	titleaddon = {Gartner, Inc.},
	note = {[online] Available at:},
	url = {http://arstechnica.com/security/2016/10/double-dip-internet-of-things-botnet-attack-felt-across-the-internet/},
	urldate = {2017-01-06},
}
@INPROCEEDINGS{Hasan2013, 
	author={O. Hasan and J. Miao and S. B. Mokhtar and L. Brunie}, 
	booktitle={2013 IEEE 27th International Conference on Advanced Information Networking and Applications (AINA)}, 
	title={A Privacy Preserving Prediction-based Routing Protocol for Mobile Delay Tolerant Networks}, 
	year={2013}, 
	pages={546-553}, 
	doi={10.1109/AINA.2013.6}, 
	ISSN={1550-445X}, 
}
@INPROCEEDINGS{Ishihara2014, 
	author={S. Ishihara and J. Higashiyama and T. Onishi and Y. Tarusawa and K. Nagase}, 
	booktitle={2014 International Symposium on Electromagnetic Compatibility, Tokyo}, 
	title={Electromagnetic interference with medical devices from third generation mobile phone including LTE}, 
	year={2014}, 
	pages={214-217}, 
	month={May},
}